@misc{dicola, title={TSL2561 Luminosity Sensor}, url={https://learn.adafruit.com/tsl2561/python-circuitpython}, journal={Adafruit Learning System}, author={DiCola, Tony}}

@misc{solar, title={LUMO20M100GH Datasheet}, url={http://www.soliculture.com/wp-content/uploads/2019/04/Datasheet-LUMO20M100GH.pdf}, author={Soliculture}}

@misc{stackoverflow1, title={Flask WTForms DateTime Field}, url={https://stackoverflow.com/questions/49697545/flask-wtform-datetimefield-rendering-issue}}

@misc{stackoverflow2, title={WTForms Datetime Field}, url={https://stackoverflow.com/questions/52825708/wtforms-datetimelocalfield-data-is-none-after-submit}}

@misc{stackoverflow3, title={DateField Validation}, url={https://stackoverflow.com/questions/56185306/how-to-validate-a-datefield-in-wtforms }}


@misc{matplotlib, title={Matplotlib Markers}, url={https://matplotlib.org/3.1.1/api/markers_api.html}}

@misc{raspberrypipower, title={Raspberry Pi Power Specs}, url={https://www.raspberrypi.org/documentation/hardware/raspberrypi/power/README.md }}

@misc{flaskjsonstorage, title={JSON Database Storage in Flask}, url="https://www.michaelcho.me/article/json-field-type-in-sqlalchemy-flask-python"}

@misc{wtformsdynamicchoices, title={Flask-WTForms Dynamic Choices}, url={https://stackoverflow.com/questions/46921823/dynamic-choices-wtforms-flask-selectfield}}